% This file was created with JabRef 2.10.
% Encoding: UTF-8

@article{aic,
  title={A new look at the statistical model identification},
  author={Akaike, Hirotugu},
  journal={IEEE transactions on automatic control},
  volume={19},
  number={6},
  pages={716--723},
  year={1974},
  publisher={Ieee}
}

@article{aic-asymp,
  title={An asymptotic equivalence of choice of model by cross-validation and Akaike's criterion},
  author={Stone, Mervyn},
  journal={Journal of the Royal Statistical Society. Series B (Methodological)},
  pages={44--47},
  year={1977},
  publisher={JSTOR}
}

@Article{bungartzSparse,
  Title =        {Sparse grids},
  Author =       {Bungartz, Hans-Joachim and Griebel, Michael},
  Journal =      {Acta numerica},
  Year =         2004,
  Number =       1,
  Pages =        {147--269},
  Volume =       13,
  Publisher =    {Cambridge Univ Press}
}

@article{datasets-concrete,
  title =        {Modeling of strength of high-performance concrete using
                  artificial neural networks},
  author =       {Yeh, I-C},
  journal =      {Cement and Concrete research},
  volume =       28,
  number =       12,
  pages =        {1797--1808},
  year =         1998,
  publisher =    {Elsevier}
}

@article{datasets-friedman,
  title =        {Multivariate adaptive regression splines},
  author =       {Friedman, Jerome H},
  journal =      {The annals of statistics},
  pages =        {1--67},
  year =         1991,
  publisher =    {JSTOR}
}

@article{datasets-powerplant,
  title =        {Prediction of full load electrical power output of a base load
                  operated combined cycle power plant using machine learning
                  methods},
  author =       {T{\"u}fekci, P{\i}nar},
  journal =      {International Journal of Electrical Power \& Energy Systems},
  volume =       60,
  pages =        {126--140},
  year =         2014,
  publisher =    {Elsevier}
}

@misc{datasets-uci,
  author =       "M. Lichman",
  year =         2013,
  title =        "{UCI} Machine Learning Repository",
  url =          "http://archive.ics.uci.edu/ml",
  institution =  "University of California, Irvine, School of Information and
                  Computer Sciences"
}

@article{elasticnet,
  title =        {Regularization and variable selection via the elastic net},
  author =       {Zou, Hui and Hastie, Trevor},
  journal =      {Journal of the Royal Statistical Society: Series B
                  (Statistical Methodology)},
  volume =       67,
  number =       2,
  pages =        {301--320},
  year =         2005,
  publisher =    {Wiley Online Library}
}

@book{esl,
  title =        {The elements of statistical learning},
  author =       {Friedman, Jerome and Hastie, Trevor and Tibshirani, Robert},
  volume =       1,
  year =         2001,
  publisher =    {Springer series in statistics Springer, Berlin}
}

@Article{fista,
  Title =        {A fast iterative shrinkage-thresholding algorithm for linear
                  inverse problems},
  Author =       {Beck, Amir and Teboulle, Marc},
  Journal =      {SIAM journal on imaging sciences},
  Year =         2009,
  Number =       1,
  Pages =        {183--202},
  Volume =       2,
  Publisher =    {SIAM}
}

@article{fista-backtracking,
  title =        {Fast first-order methods for composite convex optimization
                  with backtracking},
  author =       {Scheinberg, Katya and Goldfarb, Donald and Bai, Xi},
  journal =      {Foundations of Computational Mathematics},
  volume =       14,
  number =       3,
  pages =        {389--417},
  year =         2014,
  publisher =    {Springer}
}

@article{grouplasso,
  title =        {Model selection and estimation in regression with grouped
                  variables},
  author =       {Yuan, Ming and Lin, Yi},
  journal =      {Journal of the Royal Statistical Society: Series B
                  (Statistical Methodology)},
  volume =       68,
  number =       1,
  pages =        {49--67},
  year =         2006,
  publisher =    {Wiley Online Library}
}

@article{grouplasso-benefit,
  title =        {The benefit of group sparsity},
  author =       {Huang, Junzhou and Zhang, Tong and others},
  journal =      {The Annals of Statistics},
  volume =       38,
  number =       4,
  pages =        {1978--2004},
  year =         2010,
  publisher =    {Institute of Mathematical Statistics}
}

@inproceedings{grouplasso-df,
  TITLE = {{The Degrees of Freedom of the Group Lasso}},
  AUTHOR = {Vaiter, Samuel and Deledalle, Charles and Peyr{\'e}, Gabriel and Fadili, Jalal M. and Dossal, Charles},
  BOOKTITLE = {{International Conference on Machine Learning Workshop (ICML)}},
  ADDRESS = {Edinburgh, United Kingdom},
  YEAR = {2012}
}

@article{grouplasso-generalizations,
  title =        {The composite absolute penalties family for grouped and
                  hierarchical variable selection},
  author =       {Zhao, Peng and Rocha, Guilherme and Yu, Bin},
  journal =      {The Annals of Statistics},
  pages =        {3468--3497},
  year =         2009,
  publisher =    {JSTOR}
}

@article{grouplasso-logistic,
  title =        {The group lasso for logistic regression},
  author =       {Meier, Lukas and Van De Geer, Sara and B{\"u}hlmann, Peter},
  journal =      {Journal of the Royal Statistical Society: Series B
                  (Statistical Methodology)},
  volume =       70,
  number =       1,
  pages =        {53--71},
  year =         2008,
  publisher =    {Wiley Online Library}
}

@Article{lasso,
  Title =        {Regression shrinkage and selection via the lasso},
  Author =       {Tibshirani, Robert},
  Journal =      {Journal of the Royal Statistical Society. Series B
                  (Methodological)},
  Year =         1996,
  Pages =        {267--288},
  Publisher =    {JSTOR}
}

@article{lasso-df,
  title =        {Degrees of freedom in lasso problems},
  author =       {Tibshirani, Ryan J and Taylor, Jonathan},
  journal =      {The Annals of Statistics},
  pages =        {1198--1232},
  year =         2012,
  publisher =    {JSTOR}
}

@Article{optimizedApproxSpaces,
  Title =        {Optimized tensor-product approximation spaces},
  Author =       {Griebel, Michael and Knapek, Stephan},
  Journal =      {Constructive Approximation},
  Year =         2000,
  Number =       4,
  Pages =        {525--540},
  Volume =       16,
  Publisher =    {Springer}
}

@Article{proxsurvey,
  Title =        {Proximal Algorithms.},
  Author =       {Parikh, Neal and Boyd, Stephen P},
  Journal =      {Foundations and Trends in optimization},
  Year =         2014,
  Number =       3,
  Pages =        {127--239},
  Volume =       1
}

@article{regularizationpaths,
  title =        {Regularization paths for generalized linear models via
                  coordinate descent},
  author =       {Friedman, Jerome and Hastie, Trevor and Tibshirani, Rob},
  journal =      {Journal of statistical software},
  volume =       33,
  number =       1,
  pages =        1,
  year =         2010,
  publisher =    {NIH Public Access}
}

@book{sparse-learning,
  title =        {Statistical learning with sparsity: the lasso and
                  generalizations},
  author =       {Hastie, Trevor and Tibshirani, Robert and Wainwright, Martin},
  year =         2015,
  publisher =    {CRC Press}
}

@phdthesis{sparse-parsimony,
  Title =        {Sparse Grids for Big Data: Exploiting Parsimony for
                  Large-Scale Learning},
  Author =       {Valeriy Khakhutskyy},
  Year =         2016,
  School =       {Technische Universität München},
  Note =         {unpublished thesis}
}

@phdthesis{sparse-reconstruction,
  title={Maschinelles Lernen durch Funktionsrekonstruktion mit verallgemeinerten d{\"u}nnen Gittern.},
  author={Garcke, Jochen and others},
  year={2004},
  school={University of Bonn}
}

@phdthesis{spatAdaptGrid,
  Title =        {Spatially Adaptive Sparse Grids for High-Dimensional Problems},
  Author =       {Dirk Pflüger},
  Publisher =    {Verlag Dr. Hut},
  Year =         2010,
  Month =        aug,
  Department =   {Universität Stuttgart, Institut für Parallele und Verteilte
                  Systeme, Simulation großer Systeme},
  ISBN =         9783868535556
}

@book{stat-inverse,
  title =        {Statistical and computational inverse problems},
  author =       {Kaipio, Jari and Somersalo, Erkki},
  volume =       160,
  year =         2006,
  publisher =    {Springer Science \& Business Media}
}

@article{box-cox-trans,
  title={An analysis of transformations},
  author={Box, George EP and Cox, David R},
  journal={Journal of the Royal Statistical Society. Series B (Methodological)},
  pages={211--252},
  year={1964},
  publisher={JSTOR}
}

@article{software-bayesOpt,
  author  = {Ruben Martinez-Cantin},
  title   = {BayesOpt: A Bayesian Optimization Library for Nonlinear Optimization, Experimental Design and Bandits},
  journal = {Journal of Machine Learning Research},
  year    = {2014},
  volume  = {15},
  pages   = {3915-3919},
  url     = {http://jmlr.org/papers/v15/martinezcantin14a.html}
}

@article{software-sklearn,
 title={Scikit-learn: Machine Learning in {P}ython},
 author={Pedregosa, F. and Varoquaux, G. and Gramfort, A. and Michel, V.
         and Thirion, B. and Grisel, O. and Blondel, M. and Prettenhofer, P.
         and Weiss, R. and Dubourg, V. and Vanderplas, J. and Passos, A. and
         Cournapeau, D. and Brucher, M. and Perrot, M. and Duchesnay, E.},
 journal={Journal of Machine Learning Research},
 volume={12},
 pages={2825--2830},
 year={2011}
}

@Article{software-matplotlib,
  Author    = {Hunter, J. D.},
  Title     = {Matplotlib: A 2D graphics environment},
  Journal   = {Computing In Science \& Engineering},
  Volume    = {9},
  Number    = {3},
  Pages     = {90--95},
  abstract  = {Matplotlib is a 2D graphics package used for Python
  for application development, interactive scripting, and
  publication-quality image generation across user
  interfaces and operating systems.},
  publisher = {IEEE COMPUTER SOC},
  year      = 2007
}

@article{tsne,
  title={Visualizing data using t-SNE},
  author={Maaten, Laurens van der and Hinton, Geoffrey},
  journal={Journal of Machine Learning Research},
  volume={9},
  number={Nov},
  pages={2579--2605},
  year={2008}
}